@book{peanutsbook,
  title={A Peanuts book featuring Snoopy 1},
  author={Charlie Schultz and Shuntaro Tanikawa},
  year={1990},
  publisher={Kodokawa}
}


@article{Chandler1995,
  title={School Breakfast Improves Verbal Fluency in Undernourished Jamaican Children},
  author={Ann-Marie K. Chandler, Susan P. Walker, Kevin Connolly, Sally M. Grantham-McGregor},
  journal={The Journal of Nutrition},
  volume={125},
  number={4},
  pages={894â€“900},
  year={1995},
  month={April},
}
